<record><leader>00000cas a2200000 a 4500</leader><controlfield tag="001">29173989</controlfield><controlfield tag="008">931021c19939999iluwr ne      0   a0eng c</controlfield><datafield ind1=" " ind2=" " tag="010"><subfield code="a">sn 00061588 </subfield></datafield><datafield ind1=" " ind2=" " tag="040"><subfield code="a">WIH</subfield><subfield code="b">eng</subfield><subfield code="c">WIH</subfield><subfield code="d">NVF</subfield><subfield code="d">OCL</subfield><subfield code="d">NVF</subfield><subfield code="d">OCLCQ</subfield><subfield code="d">NVF</subfield><subfield code="d">OCLCF</subfield><subfield code="d">OCLCO</subfield><subfield code="d">OCLCA</subfield></datafield><datafield ind1="1" ind2=" " tag="029"><subfield code="a">AU@</subfield><subfield code="b">000040600005</subfield></datafield><datafield ind1=" " ind2=" " tag="042"><subfield code="a">pcc</subfield></datafield><datafield ind1=" " ind2=" " tag="043"><subfield code="a">n-us-il</subfield></datafield><datafield ind1="0" ind2=" " tag="130"><subfield code="a">African-American voice (Decatur, Ill. : Decatur ed.)</subfield></datafield><datafield ind1="1" ind2="0" tag="245"><subfield code="a">African-American voice.</subfield></datafield><datafield ind1="3" ind2="3" tag="246"><subfield code="a">African American voice</subfield></datafield><datafield ind1=" " ind2=" " tag="250"><subfield code="a">[Decatur ed.].</subfield></datafield><datafield ind1=" " ind2=" " tag="260"><subfield code="a">Decatur, Ill. :</subfield><subfield code="b">Horace G. Livingston, Jr.,</subfield><subfield code="c">1993-</subfield></datafield><datafield ind1=" " ind2=" " tag="300"><subfield code="a">v.</subfield></datafield><datafield ind1=" " ind2=" " tag="310"><subfield code="a">Weekly</subfield></datafield><datafield ind1="0" ind2=" " tag="362"><subfield code="a">Vol. 25, no. 33 (Sept. 29/Oct. 5, 1993)-</subfield></datafield><datafield ind1=" " ind2=" " tag="515"><subfield code="a">Irregular volume and issue numbering.</subfield></datafield><datafield ind1=" " ind2=" " tag="530"><subfield code="a">Available on microfilm;</subfield><subfield code="b">State Historical Society of Wisconsin.</subfield></datafield><datafield ind1=" " ind2=" " tag="580"><subfield code="a">Other eds.: African-American voice (Decatur, Ill. : Peoria ed.), 1993-; African-American voice (Decatur, Ill. : Springfield ed.), &lt;1995&gt;-; African-American voice (Decatur, Ill. : Bloomington-Normal ed.), &lt;2000&gt;</subfield></datafield><datafield ind1=" " ind2="0" tag="650"><subfield code="a">African Americans</subfield><subfield code="z">Illinois</subfield><subfield code="z">Decatur</subfield><subfield code="v">Newspapers.</subfield></datafield><datafield ind1=" " ind2="0" tag="651"><subfield code="a">Decatur (Ill.)</subfield><subfield code="v">Newspapers.</subfield></datafield><datafield ind1=" " ind2="7" tag="655"><subfield code="a">Newspapers.</subfield><subfield code="2">fast</subfield><subfield code="0">(OCoLC)fst01423814</subfield></datafield><datafield ind1=" " ind2="7" tag="650"><subfield code="a">African Americans.</subfield><subfield code="2">fast</subfield><subfield code="0">(OCoLC)fst00799558</subfield></datafield><datafield ind1=" " ind2="7" tag="651"><subfield code="a">Illinois</subfield><subfield code="z">Decatur.</subfield><subfield code="2">fast</subfield><subfield code="0">(OCoLC)fst01208165</subfield></datafield><datafield ind1=" " ind2=" " tag="752"><subfield code="a">United States</subfield><subfield code="b">Illinois</subfield><subfield code="c">Macon</subfield><subfield code="d">Decatur.</subfield></datafield><datafield ind1="1" ind2=" " tag="775"><subfield code="t">African American voice (Decatur, Ill. : Peoria ed.)</subfield><subfield code="w">(DLC)sn 00061589</subfield><subfield code="w">(OCoLC)36049234</subfield></datafield><datafield ind1="1" ind2=" " tag="775"><subfield code="t">African-American voice (Decatur, Ill. : Springfield ed.)</subfield><subfield code="w">(DLC)sn 00061586</subfield><subfield code="w">(OCoLC)36049131</subfield></datafield><datafield ind1="1" ind2=" " tag="775"><subfield code="t">African-American voice (Decatur, Ill. : Bloomington-Normal ed.)</subfield><subfield code="w">(DLC)sn 00061587</subfield><subfield code="w">(OCoLC)45490142</subfield></datafield><datafield ind1="1" ind2="7" tag="780"><subfield code="t">Voice of the Black community (Decatur, Ill.)</subfield><subfield code="w">(DLC)sn 90054690</subfield><subfield code="w">(OCoLC)1769265</subfield></datafield></record>